

@book{swan2015blockchain,
	title={Blockchain: Blueprint for a new economy},
	author={Swan, Melanie},
	year={2015},
	publisher={" O'Reilly Media, Inc."}
}




@inproceedings{vujivcic2018blockchain,
	title={Blockchain technology, bitcoin, and Ethereum: A brief overview},
	author={Vuji{\v{c}}i{\'c}, Dejan and Jagodi{\'c}, Dijana and Ran{\dj}i{\'c}, Sini{\v{s}}a},
	booktitle={2018 17th International Symposium INFOTEH-JAHORINA (INFOTEH)},
	pages={1--6},
	year={2018},
	organization={IEEE}
}





@article{nakamoto2008bitcoin,
	title={Bitcoin: A peer-to-peer electronic cash system},
	author={Nakamoto, Satoshi and others},
	year={2008},
	publisher={Working Paper}
}

@online{coin,
	author = {Coinmarket},
	title = {Principal markets indicator for cryptocurrency},
	year = 2019,
	url = {https://coinmarketcap.com/coins/},
	urldate = {2019-05-20}
}



@article{buterin2014ethereum,
	title={Ethereum white paper: a next generation smart contract \& decentralized application platform},
	author={Buterin, Vitalik and others},
	journal={First version},
	year={2014}
}




@online{scikitlearn_bo,
	author={The Scikit-Learn community},
	title={sklearn Gradient Boosting Regressor},
	year={2019},
	month={4},
	URL={https://scikit-learn.org/stable/modules/generated/sklearn.ensemble.GradientBoostingRegressor.html},
}

@online{scikitlearn_grid,
	author={The Scikit-Learn community},
	title={sklearn Grid SearchCV},
	year={2019},
	month={4},
	URL={https://scikit-learn.org/stable/modules/generated/sklearn.model_selection.GridSearchCV.html},
}




@online{scikitlearn,
	author={The Scikit-Learn community},
	title={sklearn neural network MLPClassifier},
	year={2019},
	month={4},
	URL={https://scikit-learn.org/stable/modules/generated/sklearn.neural_network.MLPClassifier.html},
}



@online{scikitlearn22,
	author={The Scikit-Learn community},
	title={sklearn Ridge},
	year={2019},
	month={4},
	URL={https://scikit-learn.org/stable/modules/generated/sklearn.linear_model.Ridge.html},
}


@online{Statsmodels,
	author={The Statsmodels community},
	title={Statsmodels Simple Exponential Smoothing},
	year={2019},
	month={4},
	URL={https://www.statsmodels.org/dev/generated/statsmodels.tsa.holtwinters.SimpleExpSmoothing.html},
}


@book{muller2016introduction,
	title={Introduction to machine learning with Python: a guide for data scientists},
	author={M{\"u}ller, Andreas C and Guido, Sarah and others},
	year={2016},
	publisher={" O'Reilly Media, Inc."}
}

@book{goshima2015estimating,
	title={Estimating financial words negative-positive from stock prices},
	author={Goshima, K and Takahashi, H and Terano, T},
	booktitle={The 21st International Conference Computing in Economics and Finance},
	pages={395--419},
	year={2015}
}

@online{ethereum_1,
	author = {Butering,Vitalik},
	title = {Etherum principles},
	year = 2019,
	url = {https://www.ethereum.org/beginners/},
	urldate = {2019-05-08}
}

@online{ether_scan,
	author = {Tan, Matthew},
	title = {Ethereum Charts and Statistics},
	year = 2019,
	url = {https://etherscan.io/charts/},
	urldate = {2019-05-08}
}

@online{deepblueai,
	author = {Gari,Ciodaro},
	title = {Social media data on Ethereum},
	year = 2019,
	url = {http://deepblueai.pythonanywhere.com/},
	urldate = {2019-05-08}
}

@online{PSM,
	author = {Jaeger, Herbert},
	title = {Lectures notes on Principles of Statistical Modeling Fall 2019},
	year = 2019,
	url = {http://minds.jacobs-university.de/teaching/courses/t2019psm/},
	urldate = {2019-05-08}
}

@book{makridakis2008forecasting,
	title={Forecasting methods and applications},
	author={Makridakis, Spyros and Wheelwright, Steven C and Hyndman, Rob J},
	year={2008},
	publisher={John wiley and sons}
}

@book{chapra1998numerical,
	title={Numerical methods for engineers},
	author={Chapra, Steven C and Canale, Raymond P},
	volume={2},
	year={1998},
	publisher={Mcgraw-hill New York}
}

@article{tofallis2015better,
	title={A better measure of relative prediction accuracy for model selection and model estimation},
	author={Tofallis, Chris},
	journal={Journal of the Operational Research Society},
	volume={66},
	number={8},
	pages={1352--1362},
	year={2015},
	publisher={Taylor and Francis}
}

@article{gneiting2011making,
	title={Making and evaluating point forecasts},
	author={Gneiting, Tilmann},
	journal={Journal of the American Statistical Association},
	volume={106},
	number={494},
	pages={746--762},
	year={2011},
	publisher={Taylor and Francis}
}


@article{makridakis2000m3,
	title={The M3-Competition: results, conclusions and implications},
	author={Makridakis, Spyros and Hibon, Michele},
	journal={International journal of forecasting},
	volume={16},
	number={4},
	pages={451--476},
	year={2000},
	publisher={Elsevier}
}

@article{goodwin1999asymmetry,
	title={On the asymmetry of the symmetric MAPE},
	author={Goodwin, Paul and Lawton, Richard},
	journal={International journal of forecasting},
	volume={15},
	number={4},
	pages={405--408},
	year={1999},
	publisher={Elsevier}
}

@article{hyndman2006another,
	title={Another look at measures of forecast accuracy},
	author={Hyndman, Rob J and Koehler, Anne B},
	journal={International journal of forecasting},
	volume={22},
	number={4},
	pages={679--688},
	year={2006},
	publisher={Elsevier}
}

@online{ml_jacobs_h,
	author = {Jaeger, Herbert},
	title = {Machine learning lectures notes},
	year = 2019,
	url = {http://minds.jacobs-university.de/teaching/courses/t2019ml/},
	urldate = {2019-05-08}
}

@online{ml_jacobs_mini,
	author = { Ciodaro G and Koerner M},
	title = {Machine Learning project fall 2019},
	year = 2019,
	url = {http://lrgcobranzas.com/data_analytics/ML_2.pdf},
	urldate = {2019-05-08}
}

@online{ether_info,
	author = {Ethereum.org},
	title = {Ethereum.org},
	year = 2019,
	url = {https://www.ethereum.org/beginners/},
	urldate = {2019-05-08}
}

@book{james2013introduction,
	title={An introduction to statistical learning},
	author={James, Gareth and Witten, Daniela and Hastie, Trevor and Tibshirani, Robert},
	volume={112},
	year={2013},
	publisher={Springer}
}

@misc{chollet2015keras,
	title={Keras},
	author={Chollet, Fran\c{c}ois and others},
	year={2015},
	howpublished={\url{https://keras.io}},
}


